
@Book{Wickham2009,
  author = {Hadley Wickham},
  title = {ggplot2: elegant graphics for data analysis},
  publisher = {Springer New York},
  year = {2009},
  isbn = {978-0-387-98140-6},
  url = {http://had.co.nz/ggplot2/book},
}

@Article{Eugster+Leisch2010,
  title = {Weighted and Robust Archetypal Analysis},
  author = {Manuel J. A. Eugster and Friedrich Leisch},
  journal = {Technical Report 82, Department of Statistics, Ludwig-Maximilians-Universitaet Muenchen, Germany},
  year = {2010},
  volume = {82},
  pages = {1--13},
  url = {http://epub.ub.uni-muenchen.de/11498/},

  citEntryHeader = "To cite weighted and robust archetypes in publications use:",
  citEntryFooter = ""
}

