
@BOOK{Knuth@1992,
  author = {Donald E. Knuth},
  title = {Literate Programming},
  year = {1992},
  publisher = {CSLI},
  isbn = {0937073806},
  note = {CSLI Lecture Notes, No. 27}
}

@INPROCEEDINGS{Leisch@2002,
  author = {Friedrich Leisch},
  title = {Sweave: Dynamic Generation of Statistical Reports Using
		  Literate Data Analysis},
  booktitle = {Compstat 2002---Proceedings in Computational
		  Statistics},
  pages = {575--580},
  year = 2002,
  editor = {Wolfgang H{\"a}rdle and Bernd R{\"o}nz},
  publisher = {Physica Verlag, Heidelberg},
  note = {ISBN 3-7908-1517-9},
  url = {http://www.stat.uni-muenchen.de/~leisch/Sweave}
}

@MANUAL{doxygen,
  author = {Dimitri van Heesch},
  title = {Doxygen---{S}ource code documentation generator tool},
  year = {2008},
  url = {http://www.stack.nl/~dimitri/doxygen/},
}

@MANUAL{javadoc,
  author = {{Sun Microsystems, Inc.}},
  title = {Javadoc},
  year = {2008},
  url = {http://java.sun.com/j2se/javadoc/}
}

@Manual{R,
  title = {R: A Language and Environment for Statistical Computing},
  author = {{R Development Core Team}},
  organization = {R Foundation for Statistical Computing},
  address = {Vienna, Austria},
  year = {2011},
  note = {{ISBN} 3-900051-07-0},
  url = {http://www.R-project.org/},
}

@Manual{roxygen,
  title = {\pkg{roxygen}: Literate Programming in R},
  author = {Peter Danenberg and Manuel Eugster},
  year = {2009},
  note = {R package version 0.1-2; with contributions from Hadley
                  Wickham},
  url = {http://CRAN.R-project.org/package=roxygen},
}

@Manual{roxygen2,
  title = {\pkg{roxygen2}: In-Source Documentation for {R}},
  author = {Hadley Wickham and Peter Danenberg and Manuel Eugster},
  note = {R package version 2.0},
  url = {http://CRAN.R-project.org/package=roxygen2},
}














